% Encoding: UTF-8
@Book{sleuth,
      author = {Ramsey, Fred and Schafer, Daniel},
      year = {2013},
      title =  {The Statistical Sleuth: A Course in Methods of Data Analysis},
      publisher = {Brooks/Cole Publishing Company}}